<?xml version="1.0" encoding="UTF-8"?><collection xmlns="http://www.loc.gov/MARC21/slim"><record><leader>00603nam--2200181-i-4500</leader><controlfield tag="001">000034576</controlfield><controlfield tag="002">20161230</controlfield><controlfield tag="005">20161230201040</controlfield><controlfield tag="008">060222s1000------------r-----000-0-eng-d</controlfield><datafield ind1=" " ind2=" " tag="040"><subfield code="a">IFIN-HH</subfield></datafield><datafield ind1=" " ind2=" " tag="080"><subfield code="a">545</subfield></datafield><datafield ind1="1" ind2=" " tag="100"><subfield code="a">Stehn, John R</subfield></datafield><datafield ind1="1" ind2="0" tag="245"><subfield code="a">Neutron cross sections. vol. i. z=1 to 20. bnl 325 supplement no.2. (physics - tid-4500, 32nd ed.)</subfield><subfield code="c">John r. stehn, murrey d. goldgberg, benjamin a. magurno, renate wiener-chasman</subfield></datafield><datafield ind1=" " ind2=" " tag="250"><subfield code="a">Second Edition</subfield></datafield><datafield ind1=" " ind2=" " tag="260"><subfield code="a">Washington, D.C</subfield><subfield code="b">Sigma Center</subfield><subfield code="c">1964</subfield></datafield><datafield ind1="1" ind2=" " tag="700"><subfield code="a">Wiener-chasman, R</subfield></datafield><datafield ind1=" " ind2=" " tag="852"><subfield code="a">13512</subfield><subfield code="c">53.081</subfield></datafield><datafield ind1=" " ind2=" " tag="CAT"><subfield code="a">Sys</subfield><subfield code="c">20151112</subfield><subfield code="h">153709</subfield></datafield></record></collection>